<?xml version="1.0" encoding="UTF-8"?><collection xmlns="http://www.loc.gov/MARC21/slim"><record><leader>00361nam--2200109-i-4500</leader><controlfield tag="001">000043412</controlfield><controlfield tag="002">20161230</controlfield><controlfield tag="005">20161230201044</controlfield><controlfield tag="008">060222s1000------------r-----000-0-eng-d</controlfield><datafield ind1=" " ind2=" " tag="245"><subfield code="a">Systemes d`enregistrement et de lecture sur bandes magnetiques:dimensions et caracteristiques. 2-e edition</subfield></datafield><datafield ind1=" " ind2=" " tag="260"><subfield code="a">Geneve, Commision Electrotechnique Int.,1962. 33 P</subfield></datafield><datafield ind1=" " ind2=" " tag="852"><subfield code="a">21938</subfield></datafield></record></collection>